<?xml version="1.0" encoding="UTF-8"?><collection xmlns="http://www.loc.gov/MARC21/slim"><record><leader>00333nam--2200121-i-4500</leader><controlfield tag="001">000003110</controlfield><controlfield tag="002">20161230</controlfield><controlfield tag="005">20161230201025</controlfield><controlfield tag="008">060222s1000------------r-----000-0-eng-d</controlfield><datafield ind1=" " ind2=" " tag="100"><subfield code="a">Decaulne, P., Gille, C.J. Et Pelegrin, M</subfield></datafield><datafield ind1=" " ind2=" " tag="245"><subfield code="a">Theorie et technique des asservissements</subfield></datafield><datafield ind1=" " ind2=" " tag="260"><subfield code="a">Paris, Dunod, 1956. Xix + 703 P</subfield></datafield><datafield ind1=" " ind2=" " tag="852"><subfield code="a">12621</subfield></datafield></record></collection>